@article{levins1966strategy,
  title={The strategy of model building in population biology},
  author={Levins, Richard},
  journal={American scientist},
  volume={54},
  number={4},
  pages={421--431},
  year={1966},
  publisher={JSTOR}
}

@article{snider2013,
 title = {An Introduction to Population Growth},
 author = {Snider, S. B. and Brimlow, J. N.},
 journal = {Nature Education Knowledge},
 volume = {4},
 year = {2013},
}

@article{johnson2004model,
  title={Model selection in ecology and evolution},
  author={Johnson, Jerald B and Omland, Kristian S},
  journal={Trends in ecology \& evolution},
  volume={19},
  number={2},
  pages={101--108},
  year={2004},
  publisher={Elsevier}
}

@article{white2019should,
  title={Should we care if models are phenomenological or mechanistic?},
  author={White, Craig R and Marshall, Dustin J},
  journal={Trends in ecology \& evolution},
  volume={34},
  number={4},
  pages={276--278},
  year={2019},
  publisher={Elsevier}
}

@article{verhulst1838notice,
  title={Notice sur la loi que la population suit dans son accroissement},
  author={Verhulst, Pierre-Fran{\c{c}}ois},
  journal={Corresp. Math. Phys.},
  volume={10},
  pages={113--126},
  year={1838}
}

@article{zwietering1990modeling,
  title={Modeling of the bacterial growth curve},
  author={Zwietering, MH and Jongenburger, Il and Rombouts, FM and Van't Riet, KJAEM},
  journal={Applied and environmental microbiology},
  volume={56},
  number={6},
  pages={1875--1881},
  year={1990},
  publisher={Am Soc Microbiol}
}

@incollection{bacaer2011verhulst,
  title={Verhulst and the logistic equation (1838)},
  author={Baca{\"e}r, Nicolas},
  booktitle={A short history of mathematical population dynamics},
  pages={35--39},
  year={2011},
  publisher={Springer}
}

@article{gompertz1825xxiv,
  title={XXIV. On the nature of the function expressive of the law of human mortality, and on a new mode of determining the value of life contingencies. In a letter to Francis Baily, Esq. FRS \&c},
  author={Gompertz, Benjamin},
  journal={Philosophical transactions of the Royal Society of London},
  number={115},
  pages={513--583},
  year={1825},
  publisher={The Royal Society London}
}

@article{akaike1977entropy,
  title={On entropy maximization principle.},
  author={Akaike, Hirotugu},
  year={1977}
}

@article{schwarz1978estimating,
  title={Estimating the dimension of a model},
  author={Schwarz, Gideon},
  journal={The annals of statistics},
  pages={461--464},
  year={1978},
  publisher={JSTOR}
}

@article{aho2014model,
  title={Model selection for ecologists: the worldviews of AIC and BIC},
  author={Aho, Ken and Derryberry, DeWayne and Peterson, Teri},
  journal={Ecology},
  volume={95},
  number={3},
  pages={631--636},
  year={2014},
  publisher={JSTOR}
}

@article{hutchinson1948circular,
  title={Circular causal systems in ecology},
  author={Hutchinson, G Evelyn and others},
  journal={Ann. NY Acad. Sci},
  volume={50},
  number={4},
  pages={221--246},
  year={1948}
}

@article{fisher1937wave,
  title={The wave of advance of advantageous genes},
  author={Fisher, Ronald Aylmer},
  journal={Annals of eugenics},
  volume={7},
  number={4},
  pages={355--369},
  year={1937},
  publisher={Wiley Online Library}
}

@article{re2002william,
  title={William of Occam and Occam's razor},
  author={Re III, Vincent Lo and Bellini, Lisa M},
  journal={Annals of internal medicine},
  volume={136},
  number={8},
  pages={634--635},
  year={2002},
  publisher={American College of Physicians}
}

@article{zwietering1992comparison,
  title={Comparison of definitions of the lag phase and the exponential phase in bacterial growth},
  author={Zwietering, MH and Rombouts, FM and Riet, K van't},
  journal={Journal of Applied Bacteriology},
  volume={72},
  number={2},
  pages={139--145},
  year={1992},
  publisher={Wiley Online Library}
}