@article{jenkins2015us,
  title={US protected lands mismatch biodiversity priorities},
  author={Jenkins, Clinton N and Van Houtan, Kyle S and Pimm, Stuart L and Sexton, Joseph O},
  journal={Proceedings of the National Academy of Sciences},
  volume={112},
  number={16},
  pages={5081--5086},
  year={2015},
  publisher={National Acad Sciences}
}

@article{brown2006species,
  title={Species diversity in the Florida Everglades, USA: A systems approach to calculating biodiversity},
  author={Brown, Mark T and Cohen, Matthew J and Bardi, Eliana and Ingwersen, Wesley W},
  journal={Aquatic Sciences},
  volume={68},
  number={3},
  pages={254--277},
  year={2006},
  publisher={Springer}
}

@article{noss2015global,
  title={How global biodiversity hotspots may go unrecognized: lessons from the North American Coastal Plain},
  author={Noss, Reed F and Platt, William J and Sorrie, Bruce A and Weakley, Alan S and Means, D Bruce and Costanza, Jennifer and Peet, Robert K},
  journal={Diversity and Distributions},
  volume={21},
  number={2},
  pages={236--244},
  year={2015},
  publisher={Wiley Online Library}
}
