@article{kuffner2015century,
  title={A century of ocean warming on Florida Keys coral reefs: historic in situ observations},
  author={Kuffner, Ilsa B and Lidz, Barbara H and Hudson, J Harold and Anderson, Jeffrey S},
  journal={Estuaries and Coasts},
  volume={38},
  number={3},
  pages={1085--1096},
  year={2015},
  publisher={Springer}
}